% Preface all labels with your initials, as in the example below.

@article{ZAB:Mentor05,
  author = "M. Mentor",
  title  = "On chocolate pudding consumption rates",
  journal= "Int. J. Quantum Foodstuffs",
  volume = "42",
  year   = "2006",
  pages  = "42--142"
}
